<?xml version="1.0" encoding="UTF-8"?><collection xmlns="http://www.loc.gov/MARC21/slim"><record><leader>00525nam--2200181-i-4500</leader><controlfield tag="001">000023209</controlfield><controlfield tag="002">20161230</controlfield><controlfield tag="005">20161230201034</controlfield><controlfield tag="008">060222s1000------------r-----000-0-eng-d</controlfield><datafield ind1=" " ind2=" " tag="040"><subfield code="a">IFIN-HH</subfield></datafield><datafield ind1=" " ind2=" " tag="080"><subfield code="a">800.2</subfield></datafield><datafield ind1="1" ind2=" " tag="100"><subfield code="a">Stefanescu-draganesti, Virgiliu</subfield></datafield><datafield ind1="1" ind2="0" tag="245"><subfield code="a">Limba engleza</subfield><subfield code="b">Curs practic, vol.2</subfield><subfield code="c">Virgiliu stefanescu-draganesti, adrian nicolescu, victor hanea</subfield></datafield><datafield ind1=" " ind2=" " tag="260"><subfield code="a">Bucuresti</subfield><subfield code="b">Editura Stiintifica</subfield><subfield code="c">1972</subfield></datafield><datafield ind1=" " ind2=" " tag="300"><subfield code="a">429P</subfield></datafield><datafield ind1="1" ind2=" " tag="700"><subfield code="a">Hanea, Victor</subfield></datafield><datafield ind1=" " ind2=" " tag="852"><subfield code="a">37046</subfield><subfield code="c">4</subfield></datafield><datafield ind1=" " ind2=" " tag="CAT"><subfield code="a">Sys</subfield><subfield code="c">20130201</subfield><subfield code="h">145314</subfield></datafield></record></collection>